@article{Phillips-Wren18082020,
  author    = {Gloria Phillips-Wren and Monica Adya},
  title     = {Decision making under stress: the role of information overload, time pressure, complexity, and uncertainty},
  journal   = {Journal of Decision Systems},
  volume    = {29},
  number    = {sup1},
  pages     = {213--225},
  year      = {2020},
  publisher = {Taylor \& Francis},
  doi       = {10.1080/12460125.2020.1768680},
  url       = { https://doi.org/10.1080/12460125.2020.1768680},
  eprint    = { https://doi.org/10.1080/12460125.2020.1768680}
}


@article{el2023walk,
  title={Walk the plank! Using mobile electroencephalography to investigate emotional lateralization of immersive fear in virtual reality},
  author={El Basbasse, Yasmin and Packheiser, Julian and Peterburs, Jutta and Maymon, Christopher and G{\"u}nt{\"u}rk{\"u}n, Onur and Grimshaw, Gina and Ocklenburg, Sebastian},
  journal={Royal Society Open Science},
  volume={10},
  number={5},
  pages={221239},
  year={2023},
  publisher={The Royal Society}
}

@misc{richiesplankexperience,
  title        = {Richie's Plank Experience},
  howpublished = {\url{https://store.steampowered.com/app/517160/Richies_Plank_Experience/}},
  note         = {Accessed: 2023-10-15}
}