@article{Phillips-Wren18082020,
  author    = {Gloria Phillips-Wren and Monica Adya},
  title     = {Decision making under stress: the role of information overload, time pressure, complexity, and uncertainty},
  journal   = {Journal of Decision Systems},
  volume    = {29},
  number    = {sup1},
  pages     = {213--225},
  year      = {2020},
  publisher = {Taylor \& Francis},
  doi       = {10.1080/12460125.2020.1768680},
  url       = { https://doi.org/10.1080/12460125.2020.1768680},
  eprint    = { https://doi.org/10.1080/12460125.2020.1768680}
}

@article{el2023walk,
  title={Walk the plank! Using mobile electroencephalography to investigate emotional lateralization of immersive fear in virtual reality},
  author={El Basbasse, Yasmin and Packheiser, Julian and Peterburs, Jutta and Maymon, Christopher and G{\"u}nt{\"u}rk{\"u}n, Onur and Grimshaw, Gina and Ocklenburg, Sebastian},
  journal={Royal Society Open Science},
  volume={10},
  number={5},
  pages={221239},
  year={2023},
  publisher={The Royal Society}
}

@misc{richiesplank,
  title = "{Richie's Plank Experience}",
  howpublished = "\url{https://store.steampowered.com/app/517160/Richies_Plank_Experience/}",
  note = "Accessed: 2025-02-27"
}

@incollection{klein2013effect,
  title={The effect of acute stressors on decision making},
  author={Klein, Gary},
  booktitle={Stress and human performance},
  pages={49--88},
  year={2013},
  publisher={Psychology Press}
}

@article{chanel2009influence,
  title={The influence of fear in decisions: Experimental evidence},
  author={Chanel, Olivier and Chichilnisky, Graciela},
  journal={Journal of Risk and Uncertainty},
  volume={39},
  pages={271--298},
  year={2009},
  publisher={Springer}
}

@article{srivastava2023occupational,
  title={Occupational stress among Armed Forces and police personnel: a review},
  author={Srivastava, Manushi and Singh, Gunjan and Kharwar, Poonam Singh and Jaiswal, Shweta},
  journal={Int J Community Med Public Health},
  volume={10},
  number={3},
  pages={1280--1284},
  year={2023}
}

@article{hellewell2018measuring,
  title={Measuring resilience to operational stress in Canadian Armed Forces personnel},
  author={Hellewell, Sarah C and Cernak, Ibolja},
  journal={Journal of Traumatic Stress},
  volume={31},
  number={1},
  pages={89--101},
  year={2018},
  publisher={Wiley Online Library}
}

@article{fear2009job,
  title={Job strain, rank, and mental health in the UK Armed Forces},
  author={Fear, Nicola Townsend and Rubin, G James and Hatch, Stephani and Hull, Lisa and Jones, Margaret and Hotopf, Matthew and Wessely, Simon and Rona, Roberto J},
  journal={International journal of occupational and environmental health},
  volume={15},
  number={3},
  pages={291--298},
  year={2009},
  publisher={Taylor \& Francis}
}

@article{gullon2024prevalence,
  title={The prevalence of depression, anxiety, stress and their relationship to length of service in the UK police force},
  author={Gullon-Scott, Paul and Longstaff, Laura},
  journal={The Police Journal},
  volume={97},
  number={1},
  pages={131--149},
  year={2024},
  publisher={SAGE Publications Sage UK: London, England}
}

@article{smith2011work,
  title={Work-related stress in Her Majesty’s Coastguard},
  author={Smith, Andrew Paul and others},
  journal={International maritime health},
  volume={62},
  number={2},
  pages={148--154},
  year={2011}
}

@article{jiao2023physiological,
  title={Physiological responses and stress levels of high-speed rail train drivers under various operating conditions-a simulator study in China},
  author={Jiao, Yubo and Sun, Zhiqiang and Fu, Liping and Yu, Xiaozhuo and Jiang, Chaozhe and Zhang, Xiaoming and Liu, Kun and Chen, Xiaoyu},
  journal={International Journal of Rail Transportation},
  volume={11},
  number={4},
  pages={449--464},
  year={2023},
  publisher={Taylor \& Francis}
}

@article{cahill2021pilot,
  title={Pilot work related stress (WRS), effects on wellbeing and mental health, and coping methods},
  author={Cahill, Joan and Cullen, Paul and Anwer, Sohaib and Wilson, Simon and Gaynor, Keith},
  journal={The International Journal of Aerospace Psychology},
  volume={31},
  number={2},
  pages={87--109},
  year={2021},
  publisher={Taylor \& Francis}
}

@article{mcfarlane2021investigating,
  title={Investigating fatal police shootings using the human factors analysis and classification framework (HFACS)},
  author={McFarlane, Paul and Amin, Amaria},
  journal={Police practice and research},
  volume={22},
  number={7},
  pages={1777--1791},
  year={2021},
  publisher={Taylor \& Francis}
}

@article{liu2018impact,
  title={Impact of a simulated stress training program on the tactical shooting performance of SWAT trainees},
  author={Liu, Yuxin and Mao, Lida and Zhao, Yunan and Huang, Yufang},
  journal={Research quarterly for exercise and sport},
  volume={89},
  number={4},
  pages={482--489},
  year={2018},
  publisher={Taylor \& Francis}
}

@misc{jarhead2005,
  author       = "{Sam Mendes (Director)}",
  title        = "{Jarhead}",
  year         = {2005},
  publisher    = "{Universal Pictures}",
  note         = "{Film}"
}

@inproceedings{clifford2019creating,
  title={Creating a stressful decision making environment for aerial firefighter training in virtual reality},
  author={Clifford, Rory MS and Jung, Sungchul and Hoermann, Simon and Billinghurst, Mark and Lindeman, Robert W},
  booktitle={2019 IEEE Conference on virtual reality and 3d user interfaces (VR)},
  pages={181--189},
  year={2019},
  organization={IEEE}
}

@inproceedings{clifford2018effect,
  title={The effect of immersive displays on situation awareness in virtual environments for aerial firefighting air attack supervisor training},
  author={Clifford, Rory MS and Khan, Humayun and Hoermann, Simon and Billinghurst, Mark and Lindeman, Robert W},
  booktitle={2018 IEEE Conference on Virtual Reality and 3D User Interfaces (VR)},
  pages={1--2},
  year={2018},
  organization={IEEE}
}

@article{gonccalves2022systematic,
  title={Systematic review of comparative studies of the impact of realism in immersive virtual experiences},
  author={Gon{\c{c}}alves, Guilherme and Coelho, Hugo and Monteiro, Pedro and Melo, Miguel and Bessa, Maximino},
  journal={ACM Computing Surveys},
  volume={55},
  number={6},
  pages={1--36},
  year={2022},
  publisher={ACM New York, NY}
}

@article{carey2020high,
  title={The how when why of high fidelity simulation},
  author={Carey, Jeanne M and Rossler, Kelly},
  year={2020}
}

@misc{ukmod2024,
  author = "{UK Ministry of Defence}",
  title = "{UK Armed Forces Training and Exercise Deaths}",
  year = {2024},
  month = apr,
  url = {https://assets.publishing.service.gov.uk/media/66056f6ef9ab410011eea4ec/20240404_UK_armed_forces_Training_and_Exercise_deaths-O.pdf},
  note = "Accessed: 2025-02-27"
}

@misc{ukmod2015,
  author = "{UK Ministry of Defence}",
  title = "{Rounds Fired in Helmand}",
  year = {2015},
  month = aug,
  url = {https://assets.publishing.service.gov.uk/media/5a800dcded915d74e33f82c4/20150810-T3-FOI2014_05560_Rounds_fired_in_Helmand.pdf},
  note = "Accessed: 2025-02-27"
}

@misc{cbsaustin2024,
  title = "{Apache helicopter from Utah National Guard crashes during training}",
  year = {2024},
  month = feb,
  url = {https://cbsaustin.com/news/nation-world/utah-national-guard-ah-64d-apache-longbow-helicopter-involved-in-training-accident-west-jordan-army-aviation-support-facility},
  note = "Accessed: 2025-02-27"
}

@misc{intergalactic2024,
  title = "{The AH-64 Apache: The deadliest US attack helicopter}",
  year = {2024},
  month = nov,
  url = {https://ig.space/commslink/the-ah-64-apache-the-deadliest-us-attack-helicopter},
  note = "Accessed: 2025-02-27"
}

@article{atik2019use,
  title={Use of eye tracking for assessment of electronic navigation competency in maritime training},
  author={Atik, Oguz and Arslan, Omer},
  journal={Journal of eye movement research},
  volume={12},
  number={3},
  pages={10--16910},
  year={2019}
}

@misc{stormworks,
  title = "{Stormworks: Build and Rescue}",
  howpublished = "\url{https://store.steampowered.com/app/573090/Stormworks_Build_and_Rescue/}",
  note = "Accessed: 2025-02-27"
}

@misc{arma3,
  title = "{Arma 3}",
  howpublished = "\url{https://store.steampowered.com/app/107410/Arma_3/}",
  note = "Accessed: 2025-02-27"
}

@misc{malyasov2024,
  author = {Malyasov, Dylan},
  title = {Bradley fighting vehicle destroys Russia’s most advanced tank},
  year = {2024},
  month = jan,
  url = {https://defence-blog.com/bradley-fighting-vehicle-destroys-russias-most-advanced-tank/},
  note = {Accessed: 2025-02-27}
}

@misc{militaryconflict2025,
  author = "{Military and Conflict}",
  title = "{Video title (replace with actual title)}",
  year = {2025},
  month = feb,
  url = {https://www.youtube.com/watch?v=w_wGNqBHO4w},
  note = "Accessed: 2025-02-27"
}

@misc{warthunder,
  title = "{War Thunder}",
  howpublished = "\url{https://store.steampowered.com/app/236390/War_Thunder/}",
  note = "Accessed: 2025-02-27"
}

@misc{carlisle2024,
  author = {Carlisle, Nate},
  title = {{FOX 13 Investigates: How a colonel crashed a Utah Apache helicopter he wasn’t qualified to fly}},
  year = {2024},
  month = aug,
  url = {https://www.fox13now.com/news/fox-13-investigates/fox-13-investigates-how-a-colonel-crashed-a-utah-apache-helicopter-he-wasnt-qualified-to-fly},
  note = {Accessed: 2025-02-27}
}

@misc{steadfastdefender24,
  title = "{Steadfast Defender 24}",
  howpublished = "\url{https://www.defense.gov/Spotlights/Steadfast-Defender-24/}",
  note = "Accessed: 2025-02-27"
}

@misc{britannicaVR,
  title = "{Virtual Reality}",
  howpublished = "\url{https://www.britannica.com/technology/virtual-reality}",
  note = "Accessed: 2025-02-27"
}

@misc{greenwald2020,
  author = {Greenwald, Will},
  title = {{Oculus Quest 2 vs. Oculus Rift S: Which VR Headset Should You Buy?}},
  year = {2020},
  month = nov,
  url = {https://uk.pcmag.com/comparison/130136/oculus-quest-2-vs-oculus-rift-s-which-vr-headset-should-you-buy},
  note = {Accessed: 2025-02-27}
}

@article{kaplan2021effects,
  title={The effects of virtual reality, augmented reality, and mixed reality as training enhancement methods: A meta-analysis},
  author={Kaplan, Alexandra D and Cruit, Jessica and Endsley, Mica and Beers, Suzanne M and Sawyer, Ben D and Hancock, Peter A},
  journal={Human factors},
  volume={63},
  number={4},
  pages={706--726},
  year={2021},
  publisher={Sage Publications Sage CA: Los Angeles, CA}
}

@misc{axonVRTraining,
  title = "{VR police training: 4 benefits and use cases for leveraging VR training tools}",
  howpublished = "\url{https://www.axon.com/resources/vr-police-training}",
  note = "Accessed: 2025-02-27"
}

@misc{axonVRTrainingUK,
  title = "{Virtual Reality Training}",
  howpublished = "\url{https://uk.axon.com/training/vr}",
  note = "Accessed: 2025-02-27"
}

@misc{axonYouTube,
  author = "{Axon}",
  title = "{Tomorrow's Training is here}",
  howpublished = "\url{https://www.youtube.com/watch?v=Dvbp9ihzB2k}",
  note = "Accessed: 2025-02-27"
}

@article{longo2023prepare,
  title={From “prepare for the unknown” to “train for what's coming”: A digital twin-driven and cognitive training approach for the workforce of the future in smart factories},
  author={Longo, Francesco and Padovano, Antonio and De Felice, Fabio and Petrillo, Antonella and Elbasheer, Mohaiad},
  journal={Journal of Industrial Information Integration},
  volume={32},
  pages={100437},
  year={2023},
  publisher={Elsevier}
}

@misc{ibmDigitalTwin,
  title = "{What is a digital twin?}",
  year = {2021},
  month = aug,
  url = {https://www.ibm.com/think/topics/what-is-a-digital-twin},
  note = "Accessed: 2025-02-27"
}

@misc{dcsworld,
  title = "{DCS World Steam Edition}",
  howpublished = "\url{https://store.steampowered.com/app/223750/DCS_World_Steam_Edition/}",
  note = "Accessed: 2025-02-27"
}

@misc{iracing,
  title = "{iRacing}",
  howpublished = "\url{https://store.steampowered.com/app/266410/iRacing/}",
  note = "Accessed: 2025-02-27"
}

@misc{battlefield4,
  title = "{Battlefield 4}",
  howpublished = "\url{https://store.steampowered.com/app/1238860/Battlefield_4/}",
  note = "Accessed: 2025-02-27"
}

@misc{ukcatt,
  title = "{UK Combined Arms Tactical Trainer (UK CATT)}",
  howpublished = "\url{https://www.lockheedmartin.com/en-gb/products/uk-combined-arms-tactical-trainer-uk-catt.html}",
  note = "Accessed: 2025-02-27"
}

@misc{reevesYouTube,
  author = "{Michael Reeves}",
  title = "{Trigger Me Elmo | World's First Race Detecting Toy}",
  howpublished = "\url{https://www.youtube.com/watch?v=Q8QlNuTUe4M}",
  note = "Accessed: 2025-02-27"
}

@article{anderson2024blending,
  title={Blending WW2 history with the present in an interactive virtual heritage experience},
  author={Anderson, Eike Falk and Cousins, Thomas},
  year={2024},
  publisher={BAR Publishing}
}

@online{Scott2022,
    author        = {Tom Scott},
    title         = {This 1970s tank simulator drives through a tiny world},
    year          = {2022},
    url           = {https://www.youtube.com/watch?v=AcQifPHcMLE},
    note          = {Accessed: 2025-03-12}
}